<record><leader>00000cas a22000007a 4500</leader><controlfield tag="001">13805394</controlfield><controlfield tag="008">860701c19139999wvuwr ne      0   a0eng d</controlfield><datafield ind1=" " ind2=" " tag="010"><subfield code="a">sn 86092488 </subfield></datafield><datafield ind1=" " ind2=" " tag="040"><subfield code="a">WVC</subfield><subfield code="b">eng</subfield><subfield code="c">WVC</subfield><subfield code="d">NSD</subfield><subfield code="d">OCL</subfield><subfield code="d">OCLCQ</subfield></datafield><datafield ind1=" " ind2=" " tag="012"><subfield code="l">1</subfield><subfield code="m">1</subfield></datafield><datafield ind1="1" ind2=" " tag="022"><subfield code="a">1064-6132</subfield><subfield code="l">1064-6132</subfield><subfield code="2">1</subfield></datafield><datafield ind1=" " ind2=" " tag="032"><subfield code="a">367840</subfield><subfield code="b">USPS</subfield></datafield><datafield ind1=" " ind2=" " tag="037"><subfield code="b">Mullens Advocate, 217 Moran Ave., Mullens, WV 25882</subfield></datafield><datafield ind1=" " ind2=" " tag="042"><subfield code="a">msc</subfield><subfield code="a">nsdp</subfield></datafield><datafield ind1=" " ind2="4" tag="222"><subfield code="a">The Mullens advocate</subfield></datafield><datafield ind1="0" ind2="4" tag="245"><subfield code="a">The Mullens advocate.</subfield></datafield><datafield ind1=" " ind2=" " tag="260"><subfield code="a">Mullens, W. Va. :</subfield><subfield code="b">Wyoming County Publ. Co.</subfield></datafield><datafield ind1=" " ind2=" " tag="300"><subfield code="a">v.</subfield></datafield><datafield ind1=" " ind2=" " tag="310"><subfield code="a">Weekly</subfield></datafield><datafield ind1="1" ind2=" " tag="362"><subfield code="a">Began in 1913.</subfield></datafield><datafield ind1=" " ind2=" " tag="500"><subfield code="a">"Republican."</subfield></datafield><datafield ind1=" " ind2=" " tag="500"><subfield code="a">Publishers: Mr. Farmer, 1913-1914; Grover C. Worrell, 1914-1915; Emmitt Watson, 1915-1917; Wyoming Publ. Co. (Dr. J.L. Merry Lees, J.B. Frank, D.D. Moran, A.W. Daubenspeck and J.C. Sullivan), Dec. 1917-19??; Woodyard Publ., 19??-1945; Charles V. Stewart, 1945-Mar. 1971; G. David Cline, Mar. 1971-Oct. 1974; Mr. &amp; Mrs. Alan Susman, Oct. 1974-1976; Gene Broyles, 1976-Jan. 1977; Paul LePann, Jan. 1977-Oct. 1978; Dr. David Corcoran, 1978- ; Tony Johnson, &lt;July 15, 1992-&gt;</subfield></datafield><datafield ind1=" " ind2=" " tag="588"><subfield code="a">Description based on: Vol. 13, no. 1 (Dec. 18, 1925).</subfield></datafield><datafield ind1=" " ind2=" " tag="588"><subfield code="a">Latest issue consulted: Vol. 79, no. 29 (July 15, 1992).</subfield></datafield><datafield ind1=" " ind2=" " tag="752"><subfield code="a">United States</subfield><subfield code="b">West Virginia</subfield><subfield code="c">Wyoming</subfield><subfield code="d">Mullens.</subfield></datafield><datafield ind1="1" ind2=" " tag="029"><subfield code="a">AU@</subfield><subfield code="b">000025800585</subfield></datafield></record>